@article{Vakakis,
author = {Nikolaos Vakakis and Odysseas Nikolis and Dimosthenis Ioannidis and Konstantinos Votis and Dimitrios Tzovaras},
year = {2019 },
title = {Cybersecurity in SMEs: The Smart-Home/Office Use Case},
pages = {1-7},
journal = {2019 IEEE 24th International Workshop on Computer Aided Modeling and Design of Communication Links and Networks (CAMAD)2019 IEEE 24th International Workshop on Computer Aided Modeling and Design of Communication Links and Networks (CAMAD)},
url = {https://doi.org/10.1109/camad.2019.8858471},
}

@article{Anthi,
author = {Anthi.E and Williams.L and Burnap.P},
year = {2018},
title = {Pulse: An adaptive intrusion detection for the internet of things},
pages = {110-9},
journal = {Living in the Internet of Things: Cybersecurity of the IoT - 2018},
url = {https://doi.org/10.1049/cp.2018.0035},
}

@article{Godquin,
author = {Tanguy Godquin and Morgan Barbier and Chrystel Gaber and Jean-Luc Grimault and Jean-Marie Le Bars},
year = {2020},
title = {Applied graph theory to security: A qualitative placement of security solutions within IOT Networks},
volume = {55},
pages = {102640},
journal = {Journal of Information Security and Applications},
url = {https://doi.org/10.1016/j.jisa.2020.102640},
}

@article{Brown,
author = {Brown James and Mohd Anwar and Chrystel Gaber and Jean-Luc Grimault and Jean-Marie Le Bars},
year = {2021},
title = {Human-Intelligent Systems Integration},
volume = {3},
issue = {1},
pages = {1-13},
journal = {Journal of Information Security and Applications},
url = {https://doi.org/10.1007/s42454-020-00017-9},
}
